
@INPROCEEDINGS{BCRSZ16,
    author={Jiří Barnat and Ivana Černá and Petr Ročkai and Vladimír Štill and
        Kristína Zákopčanová},
    title={On Verifying C++ Programs with Probabilities},
    year={2016},
    booktitle={to appear in ACM Symposium on Applied Computing},
    doi={10.1145/2851613.2851721},
    isbn={978-1-4503-3739-7}
}

@incollection{BRSW15,
    year={2015},
    isbn={978-3-319-23403-8},
    booktitle={Model Checking Software (SPIN 2015)},
    volume={9232},
    series={Lecture Notes in Computer Science},
    editor={Fischer, Bernd and Geldenhuys, Jaco},
    doi={10.1007/978-3-319-23404-5_5},
    title={Fast, Dynami\-cally-Sized Concurrent Hash Table},
    publisher={Springer International Publishing},
    author={Jiří Barnat and Petr Ročkai and Vladimír Štill and Jiří Weiser},
    pages={49-65},
    language={English}
}

@INPROCEEDINGS{SRB16svc,
    author={Vladimír Štill and Petr Ročkai and Jiří Barnat},
    title={{\divine: Explicit-State \ltl Model Checker}},
    year={2016},
    booktitle={to appear in International Conference on Tools and Algorithms for
    the Construction and Analysis of Systems},
}
    
@inproceedings{RSB15,
  author    = {Petr Ročkai and Vladimír Štill and Jiří Barnat},
  title={Techniques for Memory-Efficient Model Checking of C and C++ Code},
  booktitle = {Software Engineering and Formal Methods},
  pages     = {268--282},
  volume    = {9276},
  year      = {2015},

  isbn={978-3-319-22968-3},
  series={Lecture Notes in Computer Science},
  editor={Calinescu, Radu and Rumpe, Bernhard},
  doi={10.1007/978-3-319-22969-0_19},
  publisher={Springer International Publishing},
  language={English}
}

@inproceedings{SRB14,
    title={Context-Switch-Directed Verification in \divine},
    author={Vladimír Štill and Petr Ročkai and Jiří Barnat},
    isbn={978-3-319-14895-3},
    volume={8934},
    pages={135--146},
    year={2014},
    booktitle={Mathematical and Engineering Methods in Computer Science},
    volume={8934},
    series={Lecture Notes in Computer Science},
    editor={Hliněný, Petr and Dvořák, Zdeněk and Jaroš, Jiří and Kofroň, Jan and
        Kořenek, Jan and Matula, Petr and Pala, Karel},
    doi={10.1007/978-3-319-14896-0_12},
    publisher={Springer International Publishing},
    language={English}
}

@inproceedings{SRB15,
    year={2015},
    booktitle={to appear in Mathematical and Engineering Methods in Computer
        Science},
    title={{Weak Memory Models as \llvm-to-\llvm Transformations}},
    author={Vladimír Štill and Petr Ročkai and Jiří Barnat}
}

@InProceedings{DiVinE30,
    author    = "Jiří Barnat and Luboš Brim and Vojtěch Havel and Jan Havlíček
        and Jan Kriho and Milan Lenčo and Petr Ročkai and Vladimír Štill and
        Jiří Weiser",
    title={DiVinE 3.0 – An Explicit-State Model Checker for Multithreaded C \&
        C++ Programs},
    booktitle={Computer Aided Verification},
    pages     = "863--868",
    volume    = "8044",
    series={Lecture Notes in Computer Science},
    year      = "2013",
    isbn={978-3-642-39798-1},

    editor={Sharygina, Natasha and Veith, Helmut},
    doi={10.1007/978-3-642-39799-8_60},
    publisher={Springer Berlin Heidelberg},
    language={English}
}
